2335 3899
116 193 178 240 97
1949 191 2013 237 25

732 408 863 458 Sect.
893 407 977 458 IV.
1035 406 1407 458 Graciliora.

259 537 338 584 11.
398 538 470 583 M.
503 535 935 596 brackyrhynclzum
974 536 1253 594 Schwaegr.,
1293 536 1380 582 sub
1416 535 1744 581 Schlotlzez'mia
1781 536 1875 581 tab.
1901 537 2017 582 168.

117 637 227 696 Syn.
277 636 347 680 M.
392 635 682 680 viticulosum
729 631 887 690 Brid„
935 633 1005 679 Fl.
1047 632 1217 680 Brasil.
1258 633 1308 690 Ι,
1356 646 1464 691 pag.
1497 633 1577 679 25.
1671 632 2018 679 Orthotr-ickum

107 739 385 820 pungtatum
422 730 589 777 Raddi.

257 830 315 875 In
350 830 509 874 monte
550 828 887 876 Corcovado
926 828 984 874 ad
1022 841 1148 874 saxa:
1189 826 1465 886 Beyrich.

261 955 340 1001 12.
400 954 472 999 M.
495 960 710 1014 aryutum
728 953 850 1011 Hpe.
880 952 931 998 in
960 952 1134 999 muscis
1153 950 1391 1011 Regnellii
1418 950 1555 996 Linn.
1578 952 1734 1009 XXII,
1765 967 1871 1010 pag.
1904 953 2020 999 581.

258 1053 382 1099 Laxe
413 1050 726 1109 caespitosum,
767 1048 1092 1107 divaricatum,
1132 1049 1318 1108 fragile,
1358 1047 1559 1104 unciale‚
1588 1049 1663 1093 vel
1690 1050 1829 1106 paulo
1859 1049 2019 1107 altius,

118 1149 433 1198 fusco-viride.
506 1147 666 1194 Caulis
703 1160 889 1206 repens,
930 1148 1215 1193 adscendens
1253 1145 1465 1204 simplex,
1505 1147 1580 1191 vel
1618 1145 2019 1203 diviso-ramosus,

118 1251 258 1296 dense
296 1246 502 1293 foliatus.
593 1245 728 1292 Folia
774 1245 896 1291 sicca
940 1245 1172 1302 flexuosa,
1229 1244 1764 1303 complicato-concava,
1822 1243 2021 1301 tortilia,

117 1345 311 1393 humida
346 1343 786 1401 recurvato-patula,
826 1341 1398 1399 lanceolato-acuminata,
1439 1355 1602 1387 versus
1641 1341 1825 1399 apicem
1854 1343 2023 1399 argute

119 1444 338 1499 dentata3
378 1454 520 1487 nervo
558 1441 816 1486 lutescente
856 1453 1102 1497 percursa3
1140 1439 1323 1485 cellulis
1361 1438 1465 1485 basi
1502 1438 1786 1495 linearibus,
1835 1438 2024 1484 caeteris

120 1536 650 1599 angulato-rotundatis,
680 1536 942 1583 rufescente
971 1536 1232 1595 diaphanis.
1290 1538 1402 1582 Seta
1429 1535 1656 1593 lateralis,
1678 1535 1778 1581 fere
1803 1535 2022 1592 uncialis,

119 1639 445 1694 torquescens,
495 1637 663 1681 erecta.
756 1635 910 1680 Theca
954 1634 1455 1693 ellipsoideo-oblonga
1501 1633 1744 1679 evidenter
1790 1632 2027 1690 S-plicata

122 1747 247 1792 saepe
276 1733 669 1790 terebello-torta,
701 1733 918 1790 operculo
947 1731 1080 1778 brevi
1108 1731 1282 1790 pallido
1314 1730 1732 1787 conico-subulato‚
1763 1729 2026 1787 peristomii

124 1830 344 1878 dentibus
382 1829 620 1876 brevibus.
696 1829 919 1888 Calyptra
954 1829 1118 1887 pilosa.

262 1929 322 1974 In
357 1926 534 1973 vicinia
570 1925 674 1973 Rio
713 1927 779 1972 de
819 1926 1088 1972 Janeiro:
1130 1926 1376 1973 Glaziou
1415 1925 1561 1984 (inter
1601 1926 1735 1972 7900
1771 1927 1818 1970 et
1851 1925 2024 1981 9241).

269 2053 348 2100 13.
424 2053 495 2098 M.
534 2052 838 2113 Didymodon
876 2051 1165 2109 Schwaegr.,
1217 2051 1288 2097 Fl.
1311 2051 1483 2098 Brasil.
1518 2052 1558 2108 Ι,
1597 2065 1707 2110 pag.
1731 2051 1813 2097 22.

264 2152 420 2208 Prope
487 2150 642 2196 Novo
696 2149 992 2206 Friburgo
1056 2148 1235 2207 primus
1298 2147 1420 2207 legit
1474 2147 1744 2207 Beyrich.
1848 2149 2028 2194 Porto

127 2245 467 2295 d’Estrella
542 2249 589 2293 et
661 2246 933 2293 Freitas:
1008 2245 1319 2302 Warming.
1419 2246 1478 2291 In
1540 2244 1717 2290 vicinia
1789 2246 1895 2292 Rio
1964 2247 2030 2292 de

127 2345 414 2392 Janeiro:
472 2344 722 2391 Glaziou
762 2345 955 2403 (6393).

272 2470 353 2516 14.
429 2471 499 2514 M.
530 2469 1019 2531 pseudo-fimbriatum
1055 2468 1195 2526 Hpe.,
1234 2468 1388 2527 Symb.
1418 2468 1545 2526 XIX,
1589 2467 1741 2515 1874.

272 2569 331 2614 In
367 2565 544 2613 vicinia
580 2565 688 2612 Rio
727 2567 795 2612 de
835 2565 1120 2612 Janeiro:
1179 2564 1422 2611 Glaziou
1458 2565 1603 2625 (inter
1644 2565 1814 2622 7053).

276 2692 356 2738 15.
432 2692 503 2737 Μ.
546 2691 783 2737 Richardi
818 2691 1078 2750 Schwaegr.
1118 2690 1214 2736 tab.
1240 2689 1355 2736 173.

274 2788 412 2836 Rami
467 2789 661 2846 breves,
718 2786 1032 2834 fasciculatim
1086 2786 1274 2833 ramosi.
1365 2786 1502 2833 Folia
1557 2801 1585 2832 a
1639 2786 1744 2833 basi
1804 2786 2033 2833 erectiore

134 2886 371 2945 patentia,
439 2884 573 2944 apice
632 2884 845 2942 incurva,
902 2884 1137 2942 carinata,
1193 2882 1407 2943 margine
1469 2882 1653 2930 cellulis
1709 2883 2034 2942 superioribus
2070 2947 2072 2949 ‚

133 2983 346 3031 rotundis
385 2980 611 3040 obscuris,
650 2981 936 3028 basilaribus
966 2981 1129 3040 paucis
1163 2980 1397 3040 elongatis
1426 2980 1652 3038 laevibus3
1691 2979 2037 3039 perichaetialia

137 3080 422 3139 aequilonga,
482 3082 662 3137 erecta,
717 3078 999 3124 acuminata.
1092 3079 1244 3125 Theca
1288 3077 1340 3123 in
1388 3080 1492 3125 seta
1529 3078 1773 3136 elongata,
1829 3078 2037 3124 breviter

136 3176 308 3233 ovalis,
363 3175 563 3233 plicata,
620 3173 880 3234 peristomii
930 3173 1157 3233 simplicis
1206 3173 1431 3221 dentibus
1467 3173 1692 3220 brevibus
1728 3173 1929 3232 pallidis.
1968 3200 2034 3206 —

135 3271 306 3319 Mitten
342 3272 376 3318 1.
399 3285 453 3318 c.
475 3285 584 3330 pag.
604 3271 718 3318 200.

278 3370 432 3426 Prope
469 3367 572 3414 Rio
611 3368 672 3413 de
711 3367 981 3414 Janeiro:
1022 3366 1299 3414 Gardner.

280 3464 426 3510 Adde.
472 3463 750 3521 Operculum
779 3463 985 3510 conicum
1016 3463 1302 3522 subulatum,
1339 3465 1491 3510 thecae
1529 3462 1768 3510 dimidiam
1810 3464 2037 3522 metiens3

140 3564 352 3621 calyptra
389 3560 554 3619 glabra
589 3560 819 3617 profunde
855 3558 1088 3605 multifida
1123 3560 1280 3619 Duby.

1673 3652 1701 3693 3
