2335 3899
185 155 250 200 93
2017 154 2080 200 21

328 320 407 365 27.
485 320 552 366 D.
576 320 818 378 julaceum
854 318 989 374 Hpe.,
1031 318 1188 375 Symb.
1228 317 1283 374 X,
1327 315 1476 361 1872.

324 419 474 475 Prope
512 416 618 461 Rio
657 416 721 460 de
759 414 1033 460 Janeiro:
1075 413 1323 459 Glaziou
1362 414 1552 470 (4554).

329 529 408 573 28.
486 528 549 571 D.
589 525 876 585 subgrioewn
913 525 1052 582 Hpe.,
1095 525 1248 583 Symb.
1269 525 1322 581 X,
1363 524 1512 570 1872.

325 626 384 670 In
420 623 594 669 vicinia
631 621 737 668 Rio
777 622 841 667 de
882 621 1151 667 Janeiro:
1191 621 1438 667 Glaziou
1473 622 1666 680 (4543).

329 736 408 781 29.
487 736 552 779 D.
592 734 993 779 subincrassatum
1031 733 1169 790 Hpe.,
1210 734 1365 791 Symb.
1389 733 1444 790 X,
1489 732 1637 779 1872.

324 834 397 878 Pr.
436 831 539 878 Rio
579 832 649 877 de
688 830 957 877 Janeiro:
999 829 1239 875 Glaziou
1278 829 1470 888 (4507).

328 944 408 989 30.
485 944 548 988 D.
588 943 967 1002 subcuspz'clcctwn
1005 941 1140 997 Hpe.,
1183 940 1492 998 Symb.VHI‚
1535 939 1683 984 1870.

327 1042 384 1086 In
420 1039 596 1086 vicinia
632 1039 739 1086 Rio
779 1039 857 1084 de
885 1036 1148 1083 Janeiro:
1191 1036 1448 1082 Glaziou.

329 1152 408 1198 31.
489 1153 554 1198 D.
595 1150 887 1210 cuspidatum
924 1149 971 1193 fl.
1013 1147 1185 1193 Brasil.
1226 1148 1264 1204 I,
1305 1160 1409 1204 pag.
1435 1147 1513 1193 13.

324 1251 478 1306 Prope
515 1246 617 1294 Rio
658 1247 726 1292 de
767 1245 1014 1291 Janeiro
1053 1246 1145 1303 leg.
1186 1244 1455 1290 Martius.

328 1361 407 1406 32.
488 1361 549 1404 D.
588 1358 990 1418 setaceo-rz'ffl'clwn
1030 1357 1165 1414 Epe,
1208 1356 1364 1414 symb.
1405 1357 1574 1414 XXIV,
1618 1356 1767 1403 1877.

323 1456 426 1503 Rio
463 1457 637 1502 Preto
677 1457 773 1501 solo
811 1452 1076 1513 pinguiore,
1118 1452 1306 1499 sterile:
1347 1453 1588 1499 Glaziou
1625 1455 1815 1513 (9077).

325 1570 404 1615 33.
484 1569 548 1613 D.
590 1569 788 1612 eoecclare
826 1566 961 1623 ΗΡΘ,
1003 1566 1160 1624 Symb.
1202 1566 1370 1622 XXIV,
1413 1565 1559 1611 1877.

320 1667 474 1723 Prope
513 1665 615 1710 Rio
655 1666 720 1710 de
759 1662 1029 1709 Janeiro:
1072 1661 1317 1708 Glaziou
1353 1663 1544 1720 (7473).

748 1897 888 1946 Fam.
946 1896 1515 1947 Bartramiacece.

754 2038 866 2083 Gen.
909 2035 1226 2098 Glyphoearpa
1264 2035 1516 2085 R.B1·own.

644 2161 824 2212 Sectio.
880 2161 1294 2211 Philonotula
1344 2160 1618 2225 Sohimper.

328 2262 371 2307 1.
457 2261 515 2308 G.
562 2261 797 2308 Glcczz‘ovii
831 2262 970 2319 Hpe.,
1010 2261 1246 2319 Symb.X,
1290 2259 1439 2306 1872.

323 2361 381 2405 In
418 2359 595 2405 vicinia
631 2359 735 2405 Rio
775 2359 839 2404 de
879 2357 1149 2404 Janeiro:
1191 2357 1434 2403 Glaziou
1471 2358 1664 2418 (5209).

327 2457 371 2501 2.
455 2456 513 2502 G.
551 2463 686 2501 curta
723 2456 862 2513 Hpe.,
902 2456 1059 2513 Symb.
1099 2455 1270 2511 XXIV,
1314 2454 1462 2500 1877.

324 2553 473 2611 Prope
512 2552 617 2598 Rio
658 2553 720 2598 de
763 2552 1034 2610 Janeiro,
1074 2552 1201 2597 inter
1247 2553 1651 2598 Trematodontem
1685 2562 2078 2615 yymnostomunz:

181 2649 437 2695 Glaziou.

737 2801 850 2847 Gen.
892 2799 1242 2862 Cryptopodium
1279 2801 1535 2863 Schwaegr.

288 2940 291 2943 ·
327 2925 368 2971 1.
451 2925 500 2972 C.
532 2926 784 2986 pilz'yerum
822 2926 961 2984 Hpe.,
1005 2927 1160 2985 Symb.
1181 2928 1309 2985 XIX,
1353 2928 1502 2975 1874.

322 3024 381 3068 In
417 3023 591 3068 vicinia
628 3023 730 3069 Rio
771 3023 833 3069 de
871 3022 1145 3069 Janeiro:
1203 3025 1445 3071 Glaziou
1482 3027 1674 3085 (6378).

826 3203 938 3248 Gen.
979 3201 1242 3251 Bal-tramia
1288 3203 1434 3254 Hedw.

722 3324 884 3375 Sectio
925 3326 962 3374 I.
1022 3325 1380 3378 Philonotis
1422 3329 1556 3379 Brid.

325 3421 370 3467 1.
447 3424 501 3468 Β.
547 3423 794 3470 Gardneri
837 3424 884 3469 C.
915 3424 1004 3480 M.,
1056 3425 1163 3483 Syn.
1192 3427 1237 3483 I,
1275 3441 1383 3486 pag.
1418 3429 1536 3474 477.
1613 3430 1722 3488 Syn.
1763 3429 1819 3475 Β.
1856 3429 2076 3475 uncinata

180 3518 229 3563 fl.
270 3519 442 3564 Brasil.
482 3520 520 3576 I,
560 3533 666 3578 pag.
687 3519 769 3565 41.
